<?xml version="1.0" encoding="UTF-8" ?>
<record Numero="13913708" format="InterXMarc_Complet" type="Authority">
<leader>00559c1 au22000272  45  <Pos Code="0004">00559</Pos>
<Pos Code="05" Sens="notice modifiée">c</Pos>
<Pos Code="06" Sens="notice validée en catalogage courant">1</Pos>
<Pos Code="08" Sens="notice d&apos;autorité">a</Pos>
<Pos Code="09" Sens="titre uniforme musical (TUM)">u</Pos>
<Pos Code="10">2</Pos>
<Pos Code="11">2</Pos>
<Pos Code="1216">00027</Pos>
<Pos Code="17" Sens="autres cas">2</Pos>
<Pos Code="20">4</Pos>
<Pos Code="21">5</Pos>
</leader>
<controlfield tag="001">FRBNF139137085<Pos Code="0001">FR</Pos>
<Pos Code="0204">BNF</Pos>
<Pos Code="0512">13913708</Pos>
<Pos Code="13">5</Pos>
</controlfield>
<controlfield tag="008">890821090112yyita snt       1708                             010 <Pos Code="0001">89</Pos>
<Pos Code="0203">08</Pos>
<Pos Code="0405">21</Pos>
<Pos Code="0607">09</Pos>
<Pos Code="0809">01</Pos>
<Pos Code="1011">12</Pos>
<Pos Code="1213" Sens="ne s&apos;applique pas">yy</Pos>
<Pos Code="1416" Sens="italien">ita</Pos>
<Pos Code="1820" Sens="serenata">snt</Pos>
<Pos Code="2831">1708</Pos>
<Pos Code="61" Sens="La vedette peut être liée à une notice bibliographique pour les accès signalétiques et/ou pour l&apos;accès matière RAMEAU">0</Pos>
<Pos Code="62" Sens="La vedette ne peut s&apos;employer qu&apos;en tête de vedette">1</Pos>
<Pos Code="63" Sens="La vedette n&apos;admet pas de subdivision géographique">0</Pos>
</controlfield>
<datafield tag="048" ind1=" " ind2=" ">
	<subfield code="a">va01<Pos Code="0001" Sens="voix - soprano">va</Pos>
<Pos Code="02">0</Pos>
<Pos Code="03">1</Pos>
</subfield>
	<subfield code="a">vc01<Pos Code="0001" Sens="voix - alto">vc</Pos>
<Pos Code="02">0</Pos>
<Pos Code="03">1</Pos>
</subfield>
	<subfield code="a">vf01<Pos Code="0001" Sens="voix - basse">vf</Pos>
<Pos Code="02">0</Pos>
<Pos Code="03">1</Pos>
</subfield>
	<subfield code="a">oa01<Pos Code="0001" Sens="orchestre - orchestre symphonique XIXe-XXe s.">oa</Pos>
<Pos Code="02">0</Pos>
<Pos Code="03">1</Pos>
</subfield>
	<subfield code="a">zb01<Pos Code="0001" Sens="basse continue - instruments non spécifiés">zb</Pos>
<Pos Code="02">0</Pos>
<Pos Code="03">1</Pos>
</subfield>
</datafield>
<datafield tag="100" ind1=" " ind2=" ">
	<subfield code="3">13987321</subfield>
	<subfield code="w">.0..b.ger.</subfield>
	<subfield code="a">Händel</subfield>
	<subfield code="m">Georg Friedrich</subfield>
	<subfield code="d">1685-1759</subfield>
</datafield>
<datafield tag="144" ind1="1" ind2=" ">
	<subfield code="w">....b.....</subfield>
	<subfield code="a">Aci, Galatea e Polifemo</subfield>
	<subfield code="k">HWV 72</subfield>
</datafield>
<datafield tag="600" ind1=" " ind2=" ">
	<subfield code="a">&quot;Serenata a tre&quot;</subfield>
	<subfield code="a">Livret de Nicola Giuvo</subfield>
	<subfield code="a">Création : Naples, 16 juin 1708, pour le mariage du duc d&apos;Alvito</subfield>
</datafield>
<datafield tag="608" ind1=" " ind2=" ">
	<subfield code="b">Aci (soprano)</subfield>
	<subfield code="b">Galatea (alto)</subfield>
	<subfield code="b">Polifemo (basse)</subfield>
</datafield>
<datafield tag="610" ind1=" " ind2=" ">
	<subfield code="a">Handel-Handbuch</subfield>
	<subfield code="a">Grovemusic</subfield>
	<subfield code="u">http://www.grovemusic.com</subfield>
	<subfield code="d">2004-03-23</subfield>
</datafield>
<datafield tag="917" ind1=" " ind2=" ">
	<subfield code="o">OPC</subfield>
	<subfield code="a">100428690</subfield>
</datafield>
<datafield tag="917" ind1=" " ind2=" ">
	<subfield code="o">OPD</subfield>
	<subfield code="a">100685320</subfield>
	<subfield code="b">ATUM</subfield>
</datafield>
<Alter Ori="13987321">
<datafield tag="400" ind1=" " ind2=" ">
	<subfield code="w">....b.fre.</subfield>
	<subfield code="a">Haendel</subfield>
	<subfield code="m">Georg Friedrich</subfield>
	<subfield code="d">1685-1759</subfield>
</datafield>
<datafield tag="400" ind1=" " ind2=" ">
	<subfield code="w">....b.eng.</subfield>
	<subfield code="a">Handel</subfield>
	<subfield code="m">George Frideric</subfield>
	<subfield code="d">1685-1759</subfield>
</datafield>
</Alter>
<Attr Nom="IDPerenne">ark:/12148/cb13913708r</Attr>
<Attr Nom="NumSource">OPC 100428690</Attr>
<Attr Nom="Source" Sens="BnF catalogue général (depuis 1999)">A</Attr>
<Attr Nom="NumAutoriteLiee">13987321</Attr>
<Attr Nom="DateCreation">21/08/ 1989</Attr>
<Attr Nom="ResponsableCreation">MIGV2</Attr>
<Attr Nom="StructCreation">1</Attr>
<Attr Nom="DateDerniereValidation">07/06/ 2013</Attr>
<Attr Nom="ResponsableDerniereValidation">ADCAT06</Attr>
<Attr Nom="StructPremiereValidation">1</Attr>
<Attr Nom="DatePremiereValidation">21/08/ 1989</Attr>
<Attr Nom="ResponsablePremiereValidation">MIGV2</Attr>
<Attr Nom="StructDerniereValidation">1</Attr>
<Attr Nom="NumSource" Rep="1">OPD 100685320</Attr>
</record>
